<?xml version="1.0" encoding="UTF-8"?><record xmlns="http://www.loc.gov/MARC21/slim" xmlns:cinclude="http://apache.org/cocoon/include/1.0" xmlns:zs="http://www.loc.gov/zing/srw/">
  <leader>00588cz  a2200133n  4500</leader>
  <controlfield tag="001">n  79029147 </controlfield>
  <controlfield tag="003">DLC</controlfield>
  <controlfield tag="005">20090226075555.0</controlfield>
  <controlfield tag="008">790403n| acannaabn          |n ana      </controlfield>
  <datafield tag="010" ind1=" " ind2=" ">
    <subfield code="a">n  79029147 </subfield>
  </datafield>
  <datafield tag="035" ind1=" " ind2=" ">
    <subfield code="a">(OCoLC)oca00262819</subfield>
  </datafield>
  <datafield tag="040" ind1=" " ind2=" ">
    <subfield code="a">DLC</subfield>
    <subfield code="b">eng</subfield>
    <subfield code="c">DLC</subfield>
    <subfield code="d">OCoLC</subfield>
  </datafield>
  <datafield tag="110" ind1="1" ind2=" ">
    <subfield code="a">Oregon.</subfield>
    <subfield code="b">Legislative Assembly.</subfield>
    <subfield code="b">Joint Interim Task Force on Emergency Medical Services</subfield>
  </datafield>
  <datafield tag="670" ind1=" " ind2=" ">
    <subfield code="a">Its Report of ... 1978:</subfield>
    <subfield code="b">t.p. (Joint Interim Task Force on Emergency Medical Services) 1st prelim p. (members are Senators or Reps.) p. 10 (appointed to develop a legislative policy on emergency medical care in Oregon)</subfield>
  </datafield>
</record>